@inproceedings{Miller16_IROS,
	Author = {Justin Miller and Andres Hasfura and Shih-Yuan Liu and Jonathan P. How},
	Booktitle = {IEEE/RSJ International Conference on Intelligent Robots and Systems (IROS)},
	Date-Modified = {2017-06-11 01:35:39 +0000},
	Title = {Dynamic Arrival Rate Estimation for Campus Mobility on Demand Network Graphs},
	Year = {2016}}

@inproceedings{Miller17_predictive_ICRA,
	Author = {Justin Miller and Jonathan P. How},
	Booktitle = {IEEE International Conference on Robotics and Automation (ICRA)},
	Title = {Predictive Positioning and Quality Of Service Ridesharing for Campus Mobility On Demand Systems},
	Year = {2017}}
@misc{casnsc_NIPS,
  author = {Anonymous},
  title = {{CASNSC: A context-based approach for accurate
pedestrian motion prediction at intersections}},
  howpublished = "\url{https://openreview.net/pdf?id=rJ26HSLRb}",
  year = {2017}, 
  note = "[Online; accessed 12-Dec-2017]"
}

@article{scikit-learn,
 title={Scikit-learn: Machine Learning in {P}ython},
 author={Pedregosa, F. and Varoquaux, G. and Gramfort, A. and Michel, V.
         and Thirion, B. and Grisel, O. and Blondel, M. and Prettenhofer, P.
         and Weiss, R. and Dubourg, V. and Vanderplas, J. and Passos, A. and
         Cournapeau, D. and Brucher, M. and Perrot, M. and Duchesnay, E.},
 journal={Journal of Machine Learning Research},
 volume={12},
 pages={2825--2830},
 year={2011}
}